{
  "leader": "03015cam a2200421 i 4500",
  "fields": [
    {
      "001": "ocm00067094\\"
    },
    {
      "003": "OCoLC"
    },
    {
      "005": "20220630124252.0"
    },
    {
      "008": "700424s1970\\\\\\\\nyu\\\\\\\\\\\\\\\\\\\\\\000\\0\\eng\\\\"
    },
    {
      "010": {
        "ind1": "\\",
        "ind2": "\\",
        "subfields": [
          {
            "a": "   77101652 "
          }
        ]
      }
    },
    {
      "040": {
        "ind1": "\\",
        "ind2": "\\",
        "subfields": [
          {
            "a": "DLC"
          },
          {
            "b": "eng"
          },
          {
            "c": "DLC"
          },
          {
            "d": "EL{dollar}"
          },
          {
            "d": "BTCTA"
          },
          {
            "d": "OCLCG"
          },
          {
            "d": "BOS"
          },
          {
            "d": "OCLCO"
          },
          {
            "d": "OCLCF"
          },
          {
            "d": "OCLCQ"
          },
          {
            "d": "OCLCO"
          },
          {
            "d": "OCL"
          },
          {
            "d": "ND@"
          },
          {
            "d": "INT"
          },
          {
            "d": "CWY"
          },
          {
            "d": "NLVRD"
          },
          {
            "d": "IL4J6"
          },
          {
            "d": "OCLCO"
          }
        ]
      }
    },
    {
      "019": {
        "ind1": "\\",
        "ind2": "\\",
        "subfields": [
          {
            "a": "123263724"
          },
          {
            "a": "977172031"
          },
          {
            "a": "987384456"
          },
          {
            "a": "989292800"
          },
          {
            "a": "1080831903"
          },
          {
            "a": "1140982857"
          }
        ]
      }
    },
    {
      "035": {
        "ind1": "\\",
        "ind2": "\\",
        "subfields": [
          {
            "a": "(OCoLC)67094"
          },
          {
            "z": "(OCoLC)123263724"
          },
          {
            "z": "(OCoLC)977172031"
          },
          {
            "z": "(OCoLC)987384456"
          },
          {
            "z": "(OCoLC)989292800"
          },
          {
            "z": "(OCoLC)1080831903"
          },
          {
            "z": "(OCoLC)1140982857"
          }
        ]
      }
    },
    {
      "043": {
        "ind1": "\\",
        "ind2": "\\",
        "subfields": [
          {
            "a": "n-us---"
          }
        ]
      }
    },
    {
      "050": {
        "ind1": "0",
        "ind2": "0",
        "subfields": [
          {
            "a": "E183.8.C5"
          },
          {
            "b": "U47"
          }
        ]
      }
    },
    {
      "050": {
        "ind1": "1",
        "ind2": "4",
        "subfields": [
          {
            "a": "DS740.5.U5"
          },
          {
            "b": "F702"
          }
        ]
      }
    },
    {
      "082": {
        "ind1": "0",
        "ind2": "0",
        "subfields": [
          {
            "a": "327.73051"
          },
          {
            "b": "UNI"
          }
        ]
      }
    },
    {
      "245": {
        "ind1": "0",
        "ind2": "4",
        "subfields": [
          {
            "a": "The United States and China :"
          },
          {
            "b": "the next decade /"
          },
          {
            "c": "edited by A. Doak Barnett and Edwin O. Reischauer."
          }
        ]
      }
    },
    {
      "260": {
        "ind1": "\\",
        "ind2": "\\",
        "subfields": [
          {
            "a": "New York :"
          },
          {
            "b": "Praeger Publishers,"
          },
          {
            "c": "[1970]"
          }
        ]
      }
    },
    {
      "300": {
        "ind1": "\\",
        "ind2": "\\",
        "subfields": [
          {
            "a": "xxi, 250 pages ;"
          },
          {
            "c": "22 cm"
          }
        ]
      }
    },
    {
      "336": {
        "ind1": "\\",
        "ind2": "\\",
        "subfields": [
          {
            "a": "text"
          },
          {
            "b": "txt"
          },
          {
            "2": "rdacontent"
          }
        ]
      }
    },
    {
      "337": {
        "ind1": "\\",
        "ind2": "\\",
        "subfields": [
          {
            "a": "unmediated"
          },
          {
            "b": "n"
          },
          {
            "2": "rdamedia"
          }
        ]
      }
    },
    {
      "338": {
        "ind1": "\\",
        "ind2": "\\",
        "subfields": [
          {
            "a": "volume"
          },
          {
            "b": "nc"
          },
          {
            "2": "rdacarrier"
          }
        ]
      }
    },
    {
      "500": {
        "ind1": "\\",
        "ind2": "\\",
        "subfields": [
          {
            "a": "An outgrowth of the first national convocation on \"The United States and China: the next decade\" which was held in New York City Mar. 20-21, 1969, under the sponsorship of the National Committee on United States-China Relations."
          }
        ]
      }
    },
    {
      "505": {
        "ind1": "0",
        "ind2": "0",
        "subfields": [
          {
            "t": "Political trends in China-today /"
          },
          {
            "r": "Lucian W. Pye, Richard L. Walker, David Oancia, Richard M. Pfeffer, Roderick MacFarquhar --"
          },
          {
            "t": "Paul H. Kreisberg --"
          },
          {
            "t": "China and world security /"
          },
          {
            "r": "Lincoln P. Bloomfield, Samuel B. Griffith 2nd, Allen S. Whiting, Franz Michael, Chester L. Cooper --"
          },
          {
            "t": "China's development, trade, and the world economy /"
          },
          {
            "r": "Robert V. Roosa, Walter Galenson, Alexander Eckstein, John M. Keswick, Alvin Hamilton, Frederick S. Beebe, Luke T. Lee --"
          },
          {
            "t": "On America's China policy: two senators speak /"
          },
          {
            "r": "Jacob K. Javits and Edward M. Kennedy --"
          },
          {
            "t": "Other countries, different views /"
          },
          {
            "r": "Kenneth T. Young, Chester Ronning, Klaus Mehnert, Arthur Lall and Lady Jackson (Barbara Ward) --"
          },
          {
            "t": "United States and China: policy /"
          },
          {
            "r": "John D. Rockefeller 3rd, Arthur J. Goldberg, John K. Fairbank, Theodore C. Sorensen, George E. Taylor, Harrison E. Salisbury, William A. Rusher, James C. Thompson, Jr. --"
          },
          {
            "t": "Concluding remarks /"
          },
          {
            "r": "Edwin O. Reischauer."
          }
        ]
      }
    },
    {
      "651": {
        "ind1": "\\",
        "ind2": "0",
        "subfields": [
          {
            "a": "United States"
          },
          {
            "x": "Foreign relations"
          },
          {
            "z": "China."
          }
        ]
      }
    },
    {
      "651": {
        "ind1": "\\",
        "ind2": "0",
        "subfields": [
          {
            "a": "China"
          },
          {
            "x": "Foreign relations"
          },
          {
            "z": "United States."
          }
        ]
      }
    },
    {
      "650": {
        "ind1": "\\",
        "ind2": "7",
        "subfields": [
          {
            "a": "Diplomatic relations."
          },
          {
            "2": "fast"
          },
          {
            "0": "(OCoLC)fst01907412"
          }
        ]
      }
    },
    {
      "651": {
        "ind1": "\\",
        "ind2": "7",
        "subfields": [
          {
            "a": "China."
          },
          {
            "2": "fast"
          },
          {
            "0": "(OCoLC)fst01206073"
          }
        ]
      }
    },
    {
      "651": {
        "ind1": "\\",
        "ind2": "7",
        "subfields": [
          {
            "a": "United States."
          },
          {
            "2": "fast"
          },
          {
            "0": "(OCoLC)fst01204155"
          }
        ]
      }
    },
    {
      "700": {
        "ind1": "1",
        "ind2": "\\",
        "subfields": [
          {
            "a": "Barnett, A. Doak,"
          },
          {
            "e": "editor."
          }
        ]
      }
    },
    {
      "700": {
        "ind1": "1",
        "ind2": "\\",
        "subfields": [
          {
            "a": "Reischauer, Edwin O."
          },
          {
            "q": "(Edwin Oldfather),"
          },
          {
            "d": "1910-1990,"
          },
          {
            "e": "editor."
          }
        ]
      }
    },
    {
      "710": {
        "ind1": "2",
        "ind2": "\\",
        "subfields": [
          {
            "a": "National Committee on United States-China Relations."
          }
        ]
      }
    },
    {
      "776": {
        "ind1": "0",
        "ind2": "8",
        "subfields": [
          {
            "i": "Online version:"
          },
          {
            "t": "United States and China: the next decade."
          },
          {
            "d": "New York, Praeger Publishers [1970]"
          },
          {
            "w": "(OCoLC)557057131"
          }
        ]
      }
    },
    {
      "776": {
        "ind1": "0",
        "ind2": "8",
        "subfields": [
          {
            "i": "Online version:"
          },
          {
            "t": "United States and China: the next decade."
          },
          {
            "d": "New York, Praeger Publishers [1970]"
          },
          {
            "w": "(OCoLC)606933713"
          }
        ]
      }
    },
    {
      "994": {
        "ind1": "\\",
        "ind2": "\\",
        "subfields": [
          {
            "a": "Z0"
          },
          {
            "b": "NYRVC"
          }
        ]
      }
    },
    {
      "948": {
        "ind1": "\\",
        "ind2": "\\",
        "subfields": [
          {
            "h": "NO HOLDINGS IN NYRVC - 788 OTHER HOLDINGS"
          }
        ]
      }
    },
    {
      "999": {
        "ind1": "\\",
        "ind2": "\\",
        "subfields": [
          {
            "a": "00000000026475"
          }
        ]
      }
    }
  ]
}